@online{a1,
  author = {Farhan Aslam and Richard Zhao.},
  title = {Voice-Augmented Virtual Reality Interface for Serious Games},
  year  = 2024,
  url = "https://cspages.ucalgary.ca/~richard.zhao1/publications/2024cog-voice_augmented_VR_interface.pdf#:~:text=Diverse%20approaches%20to%20VR%20interactions,Among",
note = {Last accessed: March 12, 2025},
}
@online{a3,
  author        = {Pedroza-Santiago E.A and Quiroz-Ibarra J.E. and Bojorges-Valdez E. and Padilla-Castañeda M.A.},
  title         = {Comparison of Manual, Automatic, and Voice Control in Wheelchair Navigation Simulation in Virtual Environments: Performance Evaluation of User and Motion Sickness.},
  publisher     = "Sensors",
  year          = {2025},
  url = {https://www.mdpi.com/1424-8220/25/2/530},
}
@article{a2,
  author = {Jan Hombeck and Henrik Voigt and Kai Lawonn},
  title = {Voice user interfaces for effortless navigation in medical virtual reality environments},
  journal = {Computers and Graphics},
  year = {2024},
  volume = {124},
  number = {104069},
  month = {November},
  publisher = {Elsevier Ltd.},
  url = {https://www.sciencedirect.com/science/article/pii/S0097849324002048},
  doi = {10.1016/j.cag.2024.104069}
}

@online{a4,
  author        = {Jacob O. Wobbrock and Rachel L. Franz and Melanie Kneitmix},
  title         = {Improving the accessibility of virtual reality for people with
motor and visual impairments},
  publisher     = "University of Washington",
  year          = {2024},
  url = {https://faculty.washington.edu/wobbrock/pubs/chi-24.02.pdf},
}
@online{a5,
  author        = {Anderton C. and Creed C. and Sarcar S. and Theil A.},
  title         = {From Teleportation to Climbing: A Review of Locomotion Techniques in the Most Used Commercial Virtual Reality Applications},
  publisher     = "International Journal of Human–Computer Interaction",
  year          = {2024},
  url = {https://www.tandfonline.com/doi/full/10.1080/10447318.2024.2372151#abstract},
}
@INPROCEEDINGS{a6,
  author = {Kilian Brachtendorf and Benjamin Weyers and Daniel Zielasko},

  booktitle={2020 IEEE Conference on Virtual Reality and 3D User Interfaces Abstracts and Workshops (VRW)}, 
  title={Towards Accessibility in VR - Development of an Affordable Motion Platform for Wheelchairs}, 
  year={2020},
  pages={291-292},
  keywords={Wheelchairs;Virtual reality;Haptic interfaces;Wheels;Solid modeling;Three-dimensional displays;Prototypes},
  doi={10.1109/VRW50115.2020.00064}}
@online{b1,
 author = {University of South Carolina},
 title = {Virtual Environments Accessibility Guidelines},
 publisher = "University of South Carolina Center for Teaching Excellence",
 year = {n.d},
 url ={https://sc.edu/about/offices_and_divisions/cte/teaching_resources/virtual_environments/ve_accessibility_guidelines/#:~:text=Virtual%20Environments%20Accessibility%20Guidelines%20,voice%20commands%2C%20keyboards%2C%20gestures%2C},
}